@Book{tag,
   author    = "",
   publisher = "",
   title     = "",
   year      =  2008,
   isbn      = "0385527403"
}

@misc{scan-for-matches,
   author = "The SEED Team",
   title = "Scan For Matches",
   howpublished = "\url{http://blog.theseed.org/servers/2010/07/scan-for-matches.html}",
   note = "Visited 18th February 2015"
}
