Book{tag,
    author    = "",
    publisher = "",
    title     = "",
    year      =  2008,
    isbn      = "0385527403"
}

@misc{kleenes-theorem,
    author = {James Power},
    title = "{Non-Deterministic Finite-State Automata}",
    year = 2002,
    howpublished = "\url{http://www.cs.may.ie/staff/jpower/Courses/Previous/parsing/node6.html}"
}

@misc{pcre-running-time,
    author = {Russ Cox},
    title = "{Regular Expression Matching Can Be Simple And Fast}",
    year = 2007,
    howpublished = "\url{https://swtch.com/~rsc/regexp/regexp1.html}"
}

@misc{python-regex,
    author = {Matthew Barnett and Python Software Foundation},
    title = "{Alternative regular expression module, to replace re.}",
    year = 2015,
    howpublished = "\url{https://pypi.python.org/pypi/regex}"
}

@misc{pcre,
    author = {pcre.org},
    title = "{PCRE - Perl Compatible Regular Expressions}",
    year = 2015,
    howpublished = "\url{http://www.pcre.org/}"
}

@misc{oniguruma-overview,
    author = {Pat Shaughnessy},
    title = "{Exploring Ruby’s Regular Expression Algorithm}",
    year = 2012,
    howpublished = "\url{http://patshaughnessy.net/2012/4/3/exploring-rubys-regular-expression-algorithm}"
}

@misc{oniguruma,
    author = {K.Kosako},
    title = "{Oniguruma}",
    year = 2014,
    howpublished = "\url{http://www.geocities.jp/kosako3/oniguruma/}"
}

@article{dna-base-error-rate,
    author = {O’Rawe, Jason A. and Scott, Ferson and Lyon, Gholson J.},
    title = "{Nomenclature for Incompletely Specified Bases in Nucleic Acid Sequences}",
    year = 1992,
    journal = "{CellPress}"
}
%http://lyonlab.labsites.cshl.edu/wp-content/uploads/sites/8/2014/04/ORawe_InPress_Accounting2015.pdf

@misc{human-genome,
    author = {University of California Santa Cruz},
    title = "{The human genome.}",
    year = 2005,
    howpublished = "\url{http://hgdownload.cse.ucsc.edu/goldenPath/hg18/chromosomes/}"
}

@misc{nfa-to-dfa,
    author = {Mahesh Viswanathan},
    title = "{Introduction to Theory of Computation}",
    year = 2013,
    howpublished = "\url{https://courses.engr.illinois.edu/cs373/fa2013/Lectures/lec05.pdf}"
}

@misc{matching-in-the-wild,
    author = {Russ Cox},
    title = "{Regular Expression Matching in the Wild}",
    year = 2010,
    howpublished = "\url{https://swtch.com/~rsc/regexp/regexp3.html}"
}

@article{optimally-streaming,
    author = {Grathwohl, Niels Bjørn Bugge and Henglein, Fritz and Rasmussen, Ulrik Terp},
    title = "{Optimally Streaming Greedy Regular Expression Parsing}",
    journal = {Theoretical Aspects of Computing — ICTAC 2014},
    year = 2014,
    pages = {224-240}
}
%http://www.diku.dk/kmc/documents/GHR14-0-paper.pdf

@article{two-pass-greedy,
    author = {Grathwohl, Niels Bjørn Bugge and Henglein, Fritz and Rasmussen, Ulrik Terp},
    title = "{Two-Pass Greedy Regular Expression Parsing}",
    journal = "{Implementation and Application of Automata, volume 7982 of Lecture Notes in Computer Science}",
    year = 2013,
    pages = {60-71}
}
%http://www.diku.dk/kmc/documents/ghnr2013.pdf

@article{crash-course-regex,
    author = {Grathwohl, Niels Bjørn Bugge and Henglein, Fritz and Rasmussen, Ulrik Terp},
    title = "{A Crash-Course in Regular Expression Parsing and Regular Expressions as Types}",
    journal = "{Department of Computer Science (DIKU), University of Copenhagen}",
    year = 2014,
    pages = {1-37}
}
%http://www.diku.dk/kmc/documents/AiPL-CrashCourse.pdf

@misc{scan_for_matches,
    author = {The SEED Team},
    title = "{Scan For Matches}",
    howpublished = "\url{http://blog.theseed.org/servers/2010/07/scan-for-matches.html}",
    note = "{Visited February 18th 2015}"
}

@misc{DNA-biotechacademy,
    author = {Biotech Academy},
    title = "{Hvad er DNA og gener?}",
    howpublished = "\url{http://www.biotechacademy.dk/Undervisningsprojekter/Gymnasiale-projekter/genteknologi/teori/1dna-og-gener}",
    note = {Visited May 5th 2015}
}

@misc{ambiguitycodes,
    author = {Nomenclature Committee of the International Union of Biochemistry (NC-IUB)},
    title = "{Nomenclature for Incompletely Specified Bases in Nucleic Acid Sequences}",
    howpublished = "\url{http://www.chem.qmul.ac.uk/iubmb/misc/naseq.html}",
    note = "{Visited May 5th 2015}"
}

@article{DNA-sciencedaily,
    author = {Howard Hughes Medical Institute},
    title = "{New level of genetic diversity discovered in human RNA sequences}",
    journal = "{ScienceDaily}",
    year = 2011,
    month = "{May}"
}
%http://www.sciencedaily.com/releases/2011/05/110519141620.htm

@article{DNA-nature,
    author = {Leslie A. Pray},
    title = "{Discovery of DNA Structure and Function: Watson and Crick}",
    journal = {Scitable},
    year = 2008
}
%http://www.nature.com/scitable/topicpage/discovery-of-dna-structure-and-function-watson-397

@Book{Algorithms,
    author    = {Cormen, Thomas H. and Leiserson, Charles E. and Rivest, Ronald L. and Stein, Clifford},
    publisher = "{The MIT Press}",
    title     = "{Introduction to Algorithms}",
    year      = 2009,
    isbn      = "{9780262533058}",
    edition   = "{3rd}",
    note      = "{p. 65-113}"
}

@misc{GenBank,
    author = "{National Institute of Health}",
    title = "{GenBank statistics}",
    howpublished = "\url{www.ncbi.nlm.nih.gov/genbank/statistics/}",
    note = "{Visited May 20th 2015}"
}
