Book{tag,
    author    = "",
    publisher = "",
    title     = "",
    year      =  2008,
    isbn      = "0385527403"
}

@article{optimally-streaming,
    author = {Niels Bjørn Bugge Grathwohl, Fritz Henglein, Ulrik Terp Rasmussen},
    title = {Optimally Streaming Greedy Regular Expression Parsing},
    journal = {Theoretical Aspects of Computing — ICTAC 2014},
    year = 2014,
    howpublished = "\url{http://www.diku.dk/kmc/documents/GHR14-0-paper.pdf}",
    pages = {224-240}
}

@article{two-pass-greedy,
    author = {Niels Bjørn Bugge Grathwohl, Fritz Henglein, Ulrik Terp Rasmussen},
    title = {Two-Pass Greedy Regular Expression Parsing},
    journal = {Implementation and Application of Automata, volume 7982 of Lecture Notes in Computer Science},
    year = 2013,
    howpublished = "\url{http://www.diku.dk/kmc/documents/ghnr2013.pdf}",
    pages = {60-71}
}

@article{crash-course-regex,
    author = {Niels Bjørn Bugge Grathwohl, Fritz Henglein, Ulrik Terp Rasmussen},
    title = {A Crash-Course in Regular Expression Parsing and Regular Expressions as Types},
    journal = {Department of Computer Science (DIKU), University of Copenhagen},
    year = 2014,
    howpublished = "\url{http://www.diku.dk/kmc/documents/AiPL-CrashCourse.pdf}",
    pages = {1-37}
}

@misc{kmc-website,
    author = "KMC Team",
    title = "Kleene Meets Church: Regular Expressions and Types",
    howpublished = "\url{http://www.diku.dk/kmc/}",
    note = "Visited 18th February 2015"
}

@misc{scan-for-matches,
    author = "The SEED Team",
    title = "Scan For Matches",
    howpublished = "\url{http://blog.theseed.org/servers/2010/07/scan-for-matches.html}",
    note = "Visited 18th February 2015"
}

@misc{nrgrep,
    author = "Gonzalo Navarro",
    title = "NR-grep: A Fast and Flexible Pattern Matching Tool",
    howpublished = "\url{http://www.dcc.uchile.cl/~gnavarro/ps/spe01.pdf}",
    note = "Visited 18th February 2015"
}
